% Long conference names
@string{aaai = "{AAAI} Conference on Artificial Intelligence"}
@string{icra = "{IEEE} International Conference on Robotics and Automation"}
@string{rss = "Robotics: Science and Systems"}
@string{humanoids = "{IEEE-RAS} International Conference on Humanoid Robots"}
@string{ias = "International Conference on Intelligent Autonomous Systems"}
@string{iros = "{IEEE/RSJ} International Conference on Intelligent Robots and Systems"}
@string{sca = "{ACM SIGGRAPH}/Eurographics Symposium on Computer Animation"}
@string{hri = "{ACM/IEEE} International Conference on Human-Robot Interaction"}
@string{hrilbr = hri # " Late Breaking Report"}
@string{isrr = "International Symposium on Robotics Research"}
@string{aistats = "International Conference on Artificial Intelligence and Statistics"}
@string{isra = "International Symposium on Robotics and Automation"}
@string{wafr = "Workshop on the Algorithmic Foundations of Robotics"}
@string{adprl = "{IEEE} International Symposium on Approximate Dynamic Programming and Reinforcement Learning"}
@string{iser = "International Symposium on Experimental Robotics"}
@string{roman = "{IEEE} International Symposium on Robot and Human Interactive Communication"}
@string{cmu = "The Robotics Institute, Carnegie Mellon University"}
@string{iitm = "Mechanical Engineering, Indian Institute of Technology Madras"}


% Short conference names
@string{aaai-s = "{AAAI}"}
@string{icra-s = "{IEEE} {ICRA}"}
@string{rss-s = "{RSS}"}
@string{humanoids-s = "{IEEE-RAS} Humanoids"}
@string{ias-s = "{IAS}"}
@string{iros-s = "{IEEE/RSJ} {IROS}"}
@string{sca-s = "{ACM SIGGRAPH}/Eurographics {SCA}"}
@string{hri-s = "{ACM/IEEE} {HRI}"}
@string{hrilbr-s = hri-s # "LBR"}
@string{isrr-s = "{ISRR}"}
@string{aistats-s = "{AISTATS}"}
@string{isra-s = "{ISRA}"}
@string{wafr-s = "{WAFR}"}
@string{adprl-s = "{IEEE} {ADPRL}"}
@string{iser-s = "{ISER}"}
@string{roman-s = "{IEEE} {RO-MAN}"}
@string{cmu-s = "{CMU}"}
@string{iitm-s = "{IIT} Madras"}


@inproceedings{zeglin2014drama,
  title={{HERB}'s {S}ure {T}hing: a rapid drama system for rehearsing and performing live robot theater},
  author={Zeglin, G. and Walsman, A. and Herlant, L. and Zheng, Z. and Guo, Y. and Koval, M.K. and Lenzo, K. and Tay, H. and Velagapudi, P. and Correll, K. and Srinivasa, S.S.},
  booktitle={IEEE Workshop on Advanced Robotics and its Social Impacts},
  year={2014}
}


@inproceedings{lee2014speech,
  title={Effects of Speech On Perceived Capability},
  author={Cha, E. and Dragan, A.D. and Forlizzi, J. and Srinivasa, S.S.},
  booktitle=hrilbr,
  year={2014}
}

@inproceedings{lee2014preschool,
  title={Pre-school Childrens' First Encounter with a Robot},
  author={Cha, E. and Dragan, A.D. and Srinivasa, S.S.},
  booktitle=hrilbr,
  year={2014}
}

@inproceedings{lee2013userinput,
  title={Legible User Input for Intent Prediction},
  author={Lee, K.T. and Dragan, A.D. and Srinivasa, S.S.},
  booktitle=hrilbr,
  year={2013}
}

@inproceedings{cha2013acceptance,
  title={Effects of Capability on User Acceptance},
  author={Cha, E. and Dragan, A.D. and Srinivasa, S.S.},
  booktitle=hrilbr,
  year={2013}
}


@inproceedings{lee2011dogs,
  title={Predictability or adaptivity?: designing robot handoffs modeled from trained dogs and people},
  author={Lee, M.K. and Forlizzi, J. and Kiesler, S. and Cakmak, M. and Srinivasa, S.S.},
  booktitle=hrilbr,
  year={2011}
}



@techreport{hollinger2008anytime,
  title={Anytime guaranteed search using spanning trees},
  author={Hollinger, G. and Kehagias, A. and Singh, S. and Ferguson, D. and Srinivasa, S.S.},
  number={CMU-RI-TR-08-36},
  institution=cmu,
  year={2008}
}

@techreport{dogar2010proprioceptive,
  title={Proprioceptive Localization for Mobile Manipulators},
  author={Dogar, M. and Hemrajani, V. and Leeds, D. and Kane, B. and Srinivasa, S.S.},
  number={CMU-RI-TR-10-05},
  institution=cmu,
  year={2010}
}

@techreport{herrmann2010passthrough,
  title={Exploiting Passthrough Information for Multi-view Object Reconstruction with Sparse and Noisy Laser Data},
  author={Herrmann, M. and Srinivasa, S.S.},
  number={CMU-RI-TR-10-07},
  institution=cmu,
  year={2010}
}

@techreport{lindzey2012multirobot,
  title={Multirobot Pushing --- How Many Robots are Sufficient?},
  author={Lindzey, L. and Choset, H. and Srinivasa, S.S. and Knepper, R.A.},
  number={CMU-RI-TR-12-15},
  institution=cmu, 
 year={2012}
}

@inproceedings{dragan2012interactive,
  title={Assistive Teleoperation: A New Domain for Interactive Learning},
  author={Dragan, A.D. and Srinivasa, S.S.},
  booktitle={AAAI Fall Symposium on Robots Learning Interactively from Human Teachers},
  year={2012}
}

@techreport{javdani2012efficient,
  title={Efficient Touch Based Localization through Submodularity},
  author={Javdani, S. and Klingensmith, M. and Bagnell, D. and Pollard, N. and Srinivasa, S.S.},
  number={CMU-RI-TR-12-25},
  institution=cmu, 
 year={2012}
}

@inproceedings{lee2011dogs,
  title={Predictability or adaptivity?: designing robot handoffs modeled from trained dogs and people},
  author={Lee, M.K. and Forlizzi, J. and Kiesler, S. and Cakmak, M. and Srinivasa, S.S.},
  booktitle=hrilbr,
  year={2011}
}

@inproceedings{dragan2012assistive,
  title={Assistive Teleoperation for Manipulation Tasks},
  author={Dragan, A.D. and Srinivasa, S.S.},
  booktitle=hrilbr,
  year={2012}
}

@inproceedings{ashleyrollman2007declarative,
  title={Declarative programming for modular robots},
  author={Ashley-Rollman, M.P. and De Rosa, M. and Srinivasa, S.S. and Pillai, P. and Goldstein, S.C. and Campbell, J.},
  booktitle= "Workshop on Self-Reconfigurable Robots/Systems and Applications, " # iros,
  year={2007}
}

@inproceedings{dragan2011examples,
  title={Learning to Provide Better Examples for Our Robots},
  author={Dragan, A. and Srinivasa, S.S.},
  booktitle="Pioneers Workshop," #hri,
  year={2011}
}

@inproceedings{micelli2011handoff,
  title={Perception and Control Challenges for Effective Human-Robot Handoffs},
  author={Micelli, V. and Strabala, K. and Srinivasa, S.S.},
  booktitle= "Workshop on RGB-D: Advanced Reasoning with Depth Cameras, " #rss,
  year={2011}
}

@phdthesis{srinivasa2005phd,
  title={Control Synthesis for Dynamic Contact Manipulation},
  author={Srinivasa, S.S.},
  school=cmu, 
  year={2005}
}

@mastersthesis{srinivasa2001ms,
  title={Experiments with Nonholonomic Manipulation},
  author={Srinivasa, S.S.},
  school=cmu, 
  year={2001}
}


@techreport{srinivasa1999btech,
  title={Reverse Engineering using the Structured Lighting Technique},
  author={Srinivasa, S.S.},
  year={1999},
  institution=iitm,
  number={BTech thesis}
}
