% Short journal names
@string{ijrr = "{IJRR}"}
@string{jhri = "{JHRI}"}
@string{jrsj = "{JRSJ}"}
@string{jfr  = "{JFR}"}

% Long journal names
@string{ijrr = "The International Journal of Robotics Research"}
@string{jhri = "Journal of Human-Robot Interaction"}
@string{jrsj = "Journal of the Robotics Society of Japan"}
@string{jfr  = "Journal of Field Robotics"}

@article{stentz2015chimp,
  title={{CHIMP}, the {CMU} Highly Intelligent Mobile Platform},
  author={Anthony Stentz and Herman Herman and Alonzo Kelly and Eric Meyhofer and Galen Clark Haynes and David Stager and Brian Zajac and J. Andrew (Drew) Bagnell and Jordan Brindza and Christopher Dellin and Michael George and Jose Gonzalez-Mora and Sean Hyde and Morgan Jones and Michel Laverne and Maxim Likhachev and Levi Lister and Matthew D Powers and Oscar Ramos and Justin Ray and David P Rice and Justin Scheifflee and Raumi Sidki and Srinivasa, S.S. and Kyle Strabala and Jean Philippe Tardif and Jean-Sebastien Valois and J Michael Vandeweghe and Michael D Wagner and Carl Wellington},
  journal=jfr,
  volume={32},
  number={2},
  pages={209--228},
  year={2015}
  }

@article{koval2015pomdp,
  title={Pre- and post-contact policy decomposition for planar contact manipulation under uncertainty},
  author={Koval, M.C. and Pollard, N.S. and Srinivasa, S.S.},
  journal=ijrr,
  note={(Accepted)},
  publisher={SAGE Publications}
}

@article{koval2015mpf,
  title={Pose Estimation for Planar Contact Manipulation with Manifold Particle Filters},
  author={Koval, M.C. and Pollard, N.S. and Srinivasa, S.S.},
  journal=ijrr,
  note={(Accepted)},
  publisher={SAGE Publications}
}


@article{dragan2014legibility,
  title={Integrating human observer inferences into robot motion planning},
  author={Dragan, A.D. and Srinivasa, S.S.},
  journal={Autonomous Robots},
  volume={37},
  number={4},
  pages={351--368},
  year={2014},
  publisher={Springer}
}

@article{collet2015herbdisc,
  title={{H}erb{D}isc: Towards Lifelong Robotic Object Discovery},
  author={Collet, A. and Xiong, B. and Gurau, C. and Hebert, M. and Srinivasa, S.S.},
  journal=ijrr,
  volume = {34},
  number = {1},
  pages={3–-25},
  year={2015},
  publisher={SAGE Publications}
}

@article{paolini2014datadriven,
  title={A data-driven statistical framework for post-grasp manipulation},
  author={Paolini, R. and Rodriguez, A. and Srinivasa, S.S. and Mason, M.T.},
  journal=ijrr,
  volume={33},
  number={4},
  pages={600–-615},
  year={2014},
  publisher={SAGE Publications}
}


@article{srinivasa2010herb,
  title={{HERB}: {A} {H}ome {E}xploring {R}obotic {B}utler},
  author={Srinivasa, S.S. and Ferguson, D. and Helfrich, C.J. and Berenson, D. and Collet, A. and Diankov, R. and Gallagher, G. and Hollinger, G. and Kuffner, J. and Weghe, M.V.},
  journal={Autonomous Robots},
  volume={28},
  number={1},
  pages={5--20},
  year={2010},
  publisher={Springer}
}


@article{yang2010graphconn,
  title={Decentralized estimation and control of graph connectivity for mobile sensor networks},
  author={Yang, P. and Freeman, R.A. and Gordon, G.J. and Lynch, K.M. and Srinivasa, S.S. and Sukthankar, R.},
  journal={Automatica},
  volume={46},
  number={2},
  pages={390--396},
  year={2010},
  publisher={Elsevier}
}


@article{berenson2011task,
  title={{T}ask {S}pace {R}egions: A Framework for Pose-Constrained Manipulation Planning},
  author={Berenson, D. and Srinivasa, S. and Kuffner, J.},
  journal=ijrr,
  volume={30},
  number={12},
  pages={1435--1460},
  year={2011},
  publisher={SAGE Publications}
}

@article{collet2011moped,
  title={The {MOPED} framework: Object recognition and pose estimation for manipulation},
  author={Collet, A. and Martinez, M. and Srinivasa, S.S.},
  journal=ijrr,
  volume={30},
  number={10},
  pages={1284--1306},
  year={2011},
  publisher={SAGE Publications},
  note={(Conference version was {\textbf{Best Vision Paper Award Finalist, IEEE ICRA 2009}})}
}



@article{knepper2012toward,
  title={Toward a Deeper Understanding of Motion Alternatives via an Equivalence Relation on Local Paths},
  author={Knepper, R.A. and Srinivasa, S.S. and Mason, M.T.},
  journal=ijrr,
  volume={31},
  number={2},
  pages={168--187},
  year={2012},
  publisher={SAGE Publications}
}


@article{mason2012autonomous,
  title={Autonomous Manipulation with a General-Purpose Simple Hand},
  author={Mason, M.T. and Rodriguez, A. and Srinivasa, S.S. and Vazquez, A.S.},
  journal=ijrr,
  volume={31},
  number={5},
  pages={688--703},
  year={2012},
  publisher={SAGE Publications}
}


@article{siddhartha2000coherent,
  title={Coherent structures in numerically simulated jets with and without off-source heating},
  author={Siddhartha, S.S. and Narasimha, R. and Basu, A.J. and Kailas, S.V.},
  journal={Fluid Dynamics Research},
  volume={26},
  number={2},
  pages={105--117},
  year={2000},
  publisher={Elsevier}
}

@article{dogar2012planning,
  title={A planning framework for non-prehensile manipulation under clutter and uncertainty},
  author={Dogar, M.R. and Srinivasa, S.S.},
  journal={Autonomous Robots},
  volume={33},
  number={3},
  pages={217--236},
  year={2012},
  publisher={Springer},
  note={(Conference version was {\textbf{Best Conference Paper Award Finalist, IEEE IROS 2010}})}
}

@article{srinivasa2012herb,
  title={{HERB} 2.0: Lessons Learned From Developing a Mobile Manipulator for the Home},
  author={Srinivasa, S.S. and Berenson, D. and Cakmak, M. and Collet, A. and Dogar, M.R. and Dragan, A.D. and Knepper, R.A. and Niemueller, T. and Strabala, K. and Vande Weghe, M.},
  journal={Proceedings of the IEEE},
  volume={100},
  number={8},
  pages={1--19},
  year={2012},
  publisher={IEEE}
}

@article{dragan2013teleop,
  title={Teleoperation with intelligent and customizable interfaces},
  author={Dragan, A.D. and Lee, K.T. and Srinivasa, S.S.},
  journal=jhri,
  volume={1},
  number={3},
  year={2013}
  }

@article{dragan2012shared,
  title={A Policy Blending Formalism for Shared Control},
  author={Dragan, A.D. and Srinivasa, S.S.},
  journal=ijrr,
  volume={32},
  number={7},
  pages={790--805},
  year={2013},
  publisher={SAGE Publications},
  note={(Conference version was {\textbf{Best Conference Paper Award Finalist, RSS 2012}})}
}

@article{zucker2013chomp,
  title={{CHOMP}: {C}ovariant {H}amiltonian {O}ptimization for {M}otion {P}lanning},
  author={Zucker, M. and Ratliff, R. and Dragan, A.D. and Pivtoraiko, M. and Klingensmith, M. and Dellin, C. and Bagnell, J.A. and Srinivasa, S.S.},
  journal=ijrr,
  volume={32},
  number={9--10},
  pages={1164--1193},
  year={2013},
  publisher={SAGE Publications}
}

@article{strabala2013handoff,
  title={Towards seamless human-robot handovers},
  author={Strabala, K. and Lee, M.K. and Dragan, A.D. and Forlizzi, J. and Srinivasa, S.S. and Cakmak, M. and Micelli, V.},
  journal=jhri,
  volume={2},
  number={1},
  year={2013}
}

@article{dogar2013physicsbased,
  title={Physics-Based Manipulation in Human Environments},
  author={Dogar, M.R. and Srinivasa, S.S.},
  journal=jrsj,
  volume={31},
  number={4},
  pages={353--357},
  year={2013}
}

@article{dogar2013objsearch,
  title={Object search by manipulation},
  author={Dogar, M.R. and Koval, M.C. and Tallavajhula, A. and Srinivasa, S.S.},
  journal={Autonomous Robots},
  volume={36},
  number={1--2},
  pages={153--167},
  year={2013},
  publisher={Springer}
}
